@article{ schafer2003,
	author = "Ralf Sch√§fer and Thomas Wiegand and Heiko Schwarz",
	title = "{The emerging H.264/AVC standard}",
	journal = "{EBU Technical review}",
	year = 2003,
	month = {January}
}

@article{ sullivan2005,
    author = "Garry J. Sullivan and Thomas Wiegand",
    doi = {10.1109/JPROC.2004.839617},
    issn = {0018-9219},
    journal = {Proceedings of the IEEE},
    month = {January},
    number = {1},
    pages = {18--31},
    title = {{Video Compression - From Concepts to the H.264/AVC Standard}},
    url = {http://dx.doi.org/10.1109/JPROC.2004.839617},
    volume = {93},
    year = {2005}
}

@book{ richardson2003,
    author = "Iain E.G. Richardson",
    edition = {1},
    howpublished = {Hardcover},
    keywords = {coding, video},
    month = {August},
    publisher = {Wiley},
    title = {{H.264 and MPEG-4 Video Compression: Video Coding for Next Generation Multimedia}},
    year = {2003},
    isbn = {9780470848371},
}

@book{ Drew2004,
    address = {Upper Saddle River, NJ},
    author = "Ze N. Li and Mark S. Drew",
    howpublished = {Hardcover},
    publisher = {Pearson Prentice-Hall},
    title = {{Fundamentals of Multimedia}},
    year = {2004},
    isbn = {0120618721},
}

@book{ Wang2001,
	author = "Yao Wang and Ya-Qin Zhang and Joern Ostermann",
 	title = {Video Processing and Communications},
 	year = {2001},
 	isbn = {0130175471},
 	edition = {1st},
 	publisher = {Prentice Hall PTR},
 	address = {Upper Saddle River, NJ, USA},
} 


@article{ wiegand2003,
    author = "Thomas Wiegand and Garry J. Sullivan and Gisle Bjontegaard and Ajay Luthra",
    booktitle = {Circuits and Systems for Video Technology, IEEE Transactions on},
    day = {04},
    doi = {10.1109/TCSVT.2003.815165},
    issn = {1051-8215},
    journal = {IEEE Transactions on Circuits and Systems for Video Technology},
    keywords = {h264avc, video},
    month = {July},
    number = {7},
    pages = {560--576},
    title = {{Overview of the H.264/AVC video coding standard}},
    url = {http://dx.doi.org/10.1109/TCSVT.2003.815165},
    volume = {13},
    year = {2003}
}

@article{ list2003,
    author = "Peter List and Anthony Joch and Jani Lainema and Gisle Bjontegaard and Marta Karczewicz",
    booktitle = {Circuits and Systems for Video Technology, IEEE Transactions on},
    doi = {10.1109/TCSVT.2003.815175},
    journal = {Circuits and Systems for Video Technology, IEEE Transactions on},
    keywords = {deblocking-filter},
    number = {7},
    pages = {614--619},
    title = {{Adaptive deblocking filter}},
    url = {http://dx.doi.org/10.1109/TCSVT.2003.815175},
    volume = {13},
    year = {2003}
}

@article{ malvar2003,
    author = "Henrique S. Malvar and Antti Hallapuro and Marta Karczewicz and Louis Kerofsky",
    title = {{Low-complexity transform and quantization in H.264/AVC}},
    journal = {IEEE Trans. Circuits Systems Video Technology},
    year = {2003},
    pages = {598--603}
}

@article{ huffman1952,
    author = {Huffman, David},
    doi = {10.1109/JRPROC.1952.273898},
    issn = {0096-8390},
    journal = {Proceedings of the IRE},
    keywords = {algorithms, compression, information-theory, redundancy},
    month = {September},
    number = {9},
    pages = {1098--1101},
    posted-at = {2008-02-26 19:21:13},
    priority = {3},
    title = {{A Method for the Construction of Minimum-Redundancy Codes}},
    url = {http://dx.doi.org/10.1109/JRPROC.1952.273898},
    volume = {40},
    year = {1952}
}
