@misc{ ComScore2011,
  author = {{comScore}},
  title = {{comScore Releases February 2011 U.S. Online Video Rankings}},
  year = {2011},
  month = {Février},
  note = {Visionné Mars 2011}
}

@misc{ Juniper2010,
  author = {{Juniper Research}},
  title = {{Smartphone Video Call Users to reach 29 million by 2015 Globally, finds Juniper Research}},
  year = {2010},
  month = {Octobre},
  note = {Visionné Mars 2011}
}

@misc{ Nielsen2011,
  author = {{Nielsen}},
  title = {{Apple Leads Smartphone Race, while Android Attracts Most Recent Customers}},
  year = {2011},
  month = {Janvier},
  note = {Visionné Mars 2011}
} 