@phdthesis{Trudeau2011,
  author = {Trudeau, L.},
  school = {École de technologie supérieure université du Québec},
  title = {Detection and concealment of visual degradation resulting from erroneous H.264 sequences},
  type = {Master's Thesis},
  url = {http://espace.etsmtl.ca/896/1/TRUDEAU\_Luc.pdf},
  year = {2011}
}
