@article{ schafer2003,
	author = "Ralf Sch√§fer and Thomas Wiegand and Heiko Schwarz",
	title = "{The emerging H.264/AVC standard}",
	journal = "{EBU Technical review}",
	year = 2003,
	month = {January}
}

@article{ sullivan2005,
    author = "Garry J. Sullivan and Thomas Wiegand",
    doi = {10.1109/JPROC.2004.839617},
    issn = {0018-9219},
    journal = {Proceedings of the IEEE},
    month = {January},
    number = {1},
    pages = {18--31},
    title = {{Video Compression - From Concepts to the H.264/AVC Standard}},
    url = {http://dx.doi.org/10.1109/JPROC.2004.839617},
    volume = {93},
    year = {2005}
}

@book{ richardson2003,
    author = "Iain E.G. Richardson",
    edition = {1},
    howpublished = {Hardcover},
    keywords = {coding, video},
    month = {August},
    publisher = {Wiley},
    title = {{H.264 and MPEG-4 Video Compression: Video Coding for Next Generation Multimedia}},
    year = {2003},
    isbn = {9780470848371},
}

@article{ wiegand2003,
    author = "Thomas Wiegand and Garry J. Sullivan and Gisle Bjontegaard and Ajay Luthra",
    booktitle = {Circuits and Systems for Video Technology, IEEE Transactions on},
    day = {04},
    doi = {10.1109/TCSVT.2003.815165},
    issn = {1051-8215},
    journal = {IEEE Transactions on Circuits and Systems for Video Technology},
    keywords = {h264avc, video},
    month = {July},
    number = {7},
    pages = {560--576},
    title = {{Overview of the H.264/AVC video coding standard}},
    url = {http://dx.doi.org/10.1109/TCSVT.2003.815165},
    volume = {13},
    year = {2003}
}


@article{ Wenger2003,
    author = {Wenger, S.},
    doi = {10.1109/TCSVT.2003.814966},
    issn = {1051-8215},
    journal = {IEEE Transactions on Circuits and Systems for Video Technology},
    month = "Juillet",
    number = {7},
    pages = {645--656},
    title = {{H.264/AVC over IP}},
    url = {http://dx.doi.org/10.1109/TCSVT.2003.814966},
    volume = {13},
    year = {2003}
}

@article{ Zimmermann1980,
    author = {Zimmermann, H.},
    booktitle = {Communications, IEEE Transactions on},
    journal = {IEEE Transactions on Communications},
    number = {4},
    pages = {425--432},
    title = {{OSI Reference Model--The ISO Model of Architecture for Open Systems Interconnection}},
    volume = {28},
    year = {1980}
}

@INPROCEEDINGS{ Superiori2006,
    author = "Superiori, L. and Nemethova, O.",
    title = "{{Performance of a H.264/AVC Error Detection Algorithm Based on Syntax Analysis}}",
    booktitle = "{{in Proc. of the Int. Conf. on Advances in Mobile Computing and Multimedia (MoMM 2006}}",
    year = {2006},
    pages = {49--58},
    publisher = {Rinton Press}
}

@INPROCEEDINGS{ Wu2006,
	author= "Wu, J. and Boyce, J.M.",
	booktitle={Circuits and Systems, 2006. ISCAS 2006. Proceedings. 2006 IEEE International Symposium on},
	title={An error concealment scheme for entire frame losses based on H.264/AVC},
	year={2006},
	pages={4 pp.},
	keywords={H.264-AVC;chaotic motions;compressed video bitstream;error concealment scheme;frame loss;hard-to-conceal video sequences;computational complexity;data compression;errors;image sequences;video coding;video streaming;},
	doi={10.1109/ISCAS.2006.1693620},
}

@book{ Smith2006,
 author = "Smith, C. and Collins, D.",
 title = {3G Wireless Networks, Second Edition},
 year = {2007},
 isbn = {007226344X, 9780072263442},
 edition = {2},
 publisher = {McGraw-Hill, Inc.},
 address = {New York, NY, USA},
} 


