@Article{ Superiori2007,
	author = "Luca Superiori and Olivia Nemethova and Markus Rupp",
	journal = "{{Procs. of the Picture Coding Symposium (PCS 2007), Lisboa, Portugal}}",
	month = "Novembre",
	pages = "7--9",
	title = "{{Detection of visual impairments in the pixel domain of corrupted H.264/AVC packets}}",
	year = "2007"
}

@MastersThesis{ Ikuno2007,
	author = "Josep Colom Ikuno",
	month = "Decembre",
	title = "{{Performance of an Error Detection Mechanism for Damaged H.264/AVC Sequences}}",
	year = "2007"
}

@Article{ Farrugia2008,
	author = "Reuben A. Farrugia and Carl James Debono",
	doi = "10.1109/TCSVT.2008.2004919",
	issn = "1051-8215",
	journal = "{IEEE Trans. on Circuits and Systems for Video Technology}",
	month = "Decembre",
	number = "12",
	pages = "1766--1770",
	title = "{{A Robust Error Detection Mechanism for H.264/AVC Coded Video Sequences Based on Support Vector Machines}}",
	volume = "18",
	year = "2008"
}

@article{ SVM1995,
   author = "Cortes, Corinna and Vapnik, Vladimir",
   title = {Support-vector networks},
   journal = {Machine Learning},
   publisher = {Springer Netherlands},
   issn = {0885-6125},
   pages = {273-297},
   volume = {20},
   issue = {3},
   url = {http://dx.doi.org/10.1007/BF00994018},
   note = {10.1007/BF00994018},
   year = {1995}
}

@article{ Cai2009,
 author = "Cai, Canhui and Zeng, Huanqiang and Mitra, Sanjit K.",
 title = "{{Fast motion estimation for H.264}}",
 journal = {Image Commun.},
 volume = {24},
 issue = {8},
 month = "Septembre",
 year = {2009},
 issn = {0923-5965},
 pages = {630--636},
 numpages = {7},
 url = {http://portal.acm.org/citation.cfm?id=1595898.1596124},
 doi = {10.1016/j.image.2009.02.012},
 publisher = {Elsevier Science Inc.},
 address = {New York, NY, USA},
 keywords = {H.264/AVC, Motion estimation, Video coding},
}

@inproceedings{ Tourapis2001,
    author = "Tourapis, Alexis M. and Au, Oscar C. and Liou, Ming L.",
    booktitle = {Proceedings of Visual Communications and Image Processing 2001 ({VCIP'01)}},
    posted-at = {2007-06-28 22:46:36},
    priority = {2},
    title = "{{Predictive Motion Vector Field Adaptive Search Technique (PMVFAST) - Enhancing Block Based Motion Estimation}}",
    url = {http://citeseerx.ist.psu.edu/viewdoc/summary?doi=10.1.1.17.9457},
    year = {2001}
}