@book{ Wang2006,
	author = "Zhou Wang and Alan C. Bovik",
	edition = {1},
    month = {August},
    publisher = {Morgan \& Claypool},
    title = {{Modern Image Qality Assessment}},
    year = {2006},
    isbn = {1598290223},
    doi = {10.2200/S00010ED1V01Y2005081VM003},
}

@article{ Stockhammer2003,
	author = {Thomas Stockhammer and Miska M. Hannuksela and Thomas Wiegand},
	doi = {10.1109/TCSVT.2003.815167},
	issn = {1051-8215},
	journal = {IEEE Transactions on Circuits and Systems for Video Technology},
	month = jul,
	number = {7},
	pages = {657--673},
	title = {{H.264/AVC in wireless environments}},
	volume = {13},
	year = {2003}
}

@article{ Wenger2003,
	author = { Stephan Wenger},
	doi = {10.1109/TCSVT.2003.814966},
	issn = {1051-8215},
	journal = {IEEE Transactions on Circuits and Systems for Video Technology},
	month = jul,
	number = {7},
	pages = {645--656},
	title = {{H.264/AVC over IP}},
	volume = {13},
	year = {2003}
}

@Article{ Superiori2007,
	author = "Luca Superiori and Olivia Nemethova and Markus Rupp",
	journal = "{{Procs. of the Picture Coding Symposium (PCS 2007), Lisboa, Portugal}}",
	month = "November",
	pages = "7--9",
	title = "{{Detection of visual impairments in the pixel domain of corrupted H.264/AVC packets}}",
	year = "2007"
}

@Misc{ JM,
	author = "{Joint Video Team (JVT) d'ISO/IEC MPEG et ITU-T VCEG}",
	title = "{H.264/AVC JM Reference Software}",
	url = "http://iphome.hhi.de/suehring/tml/",
	year = "2010",
	version = "16.2"
}

@Misc{ YUV,
	author = "{Arizona State University}",
	title = "{YUV Video Sequences}",
	month = "December",
	year = "2010",
	url = "http://trace.eas.asu.edu/yuv/",
}

@Misc{ BUG,
	author = "{Mantis JVT JM H.264/AVC reference software project}",
	title = "{0000189: Crash in JM 16.1 Decoder}",
	month = "September",
	year = "2009",
	url = "https://ipbt.hhi.fraunhofer.de/mantis/view.php?id=189",
}
