@article{ schafer2003,
	author = "Ralf Schäfer and Thomas Wiegand and Heiko Schwarz",
	title = "{The emerging H.264/AVC standard}",
	journal = "{EBU Technical review}",
	year = 2003,
	month = {January}
}

@article{ sullivan2005,
    author = "Garry J. Sullivan and Thomas Wiegand",
    doi = {10.1109/JPROC.2004.839617},
    issn = {0018-9219},
    journal = {Proceedings of the IEEE},
    month = {January},
    number = {1},
    pages = {18--31},
    title = {{Video Compression - From Concepts to the H.264/AVC Standard}},
    url = {http://dx.doi.org/10.1109/JPROC.2004.839617},
    volume = {93},
    year = {2005}
}

@book{ richardson2003,
    author = "Iain E.G. Richardson",
    edition = {1},
    howpublished = {Hardcover},
    keywords = {coding, video},
    month = {August},
    publisher = {Wiley},
    title = {{H.264 and MPEG-4 Video Compression: Video Coding for Next Generation Multimedia}},
    year = {2003},
    isbn = {9780470848371},
}

@book{ Drew2004,
    address = {Upper Saddle River, NJ},
    author = "Ze N. Li and Mark S. Drew",
    howpublished = {Hardcover},
    publisher = {Pearson Prentice-Hall},
    title = {{Fundamentals of Multimedia}},
    year = {2004},
    isbn = {0120618721},
}

@book{ Wang2001,
	author = "Yao Wang and Ya-Qin Zhang and Joern Ostermann",
 	title = {Video Processing and Communications},
 	year = {2001},
 	isbn = {0130175471},
 	edition = {1st},
 	publisher = {Prentice Hall PTR},
 	address = {Upper Saddle River, NJ, USA},
} 


@article{ Wiegand2003,
    author = "Thomas Wiegand and Garry J. Sullivan and Gisle Bjontegaard and Ajay Luthra",
    booktitle = {Circuits and Systems for Video Technology, IEEE Transactions on},
    day = {04},
    doi = {10.1109/TCSVT.2003.815165},
    issn = {1051-8215},
    journal = {IEEE Transactions on Circuits and Systems for Video Technology},
    keywords = {h264avc, video},
    month = {July},
    number = {7},
    pages = {560--576},
    title = {{Overview of the H.264/AVC video coding standard}},
    url = {http://dx.doi.org/10.1109/TCSVT.2003.815165},
    volume = {13},
    year = {2003}
}

@article{ list2003,
    author = "Peter List and Anthony Joch and Jani Lainema and Gisle Bjontegaard and Marta Karczewicz",
    booktitle = {Circuits and Systems for Video Technology, IEEE Transactions on},
    doi = {10.1109/TCSVT.2003.815175},
    journal = {Circuits and Systems for Video Technology, IEEE Transactions on},
    keywords = {deblocking-filter},
    number = {7},
    pages = {614--619},
    title = {{Adaptive deblocking filter}},
    url = {http://dx.doi.org/10.1109/TCSVT.2003.815175},
    volume = {13},
    year = {2003}
}

@article{ malvar2003,
    author = "Henrique S. Malvar and Antti Hallapuro and Marta Karczewicz and Louis Kerofsky",
    title = {{Low-complexity transform and quantization in H.264/AVC}},
    journal = {IEEE Trans. Circuits Systems Video Technology},
    year = {2003},
    pages = {598--603}
}

@article{ huffman1952,
    author = {Huffman, David},
    doi = {10.1109/JRPROC.1952.273898},
    issn = {0096-8390},
    journal = {Proceedings of the IRE},
    keywords = {algorithms, compression, information-theory, redundancy},
    month = {September},
    number = {9},
    pages = {1098--1101},
    posted-at = {2008-02-26 19:21:13},
    priority = {3},
    title = {{A Method for the Construction of Minimum-Redundancy Codes}},
    url = {http://dx.doi.org/10.1109/JRPROC.1952.273898},
    volume = {40},
    year = {1952}
}

@article{ Wenger2003,
    author = {Wenger, S.},
    doi = {10.1109/TCSVT.2003.814966},
    issn = {1051-8215},
    journal = {IEEE Transactions on Circuits and Systems for Video Technology},
    month = "Juillet",
    number = {7},
    pages = {645--656},
    title = {{H.264/AVC over IP}},
    url = {http://dx.doi.org/10.1109/TCSVT.2003.814966},
    volume = {13},
    year = {2003}
}

@article{ Zimmermann1980,
    author = {Zimmermann, H.},
    booktitle = {Communications, IEEE Transactions on},
    journal = {IEEE Transactions on Communications},
    number = {4},
    pages = {425--432},
    title = {{OSI Reference Model--The ISO Model of Architecture for Open Systems Interconnection}},
    volume = {28},
    year = {1980}
}

@INPROCEEDINGS{ Wu2006,
	author= "Wu, J. and Boyce, J.M.",
	booktitle={Circuits and Systems, 2006. ISCAS 2006. Proceedings. 2006 IEEE International Symposium on},
	title={An error concealment scheme for entire frame losses based on H.264/AVC},
	year={2006},
	pages={4 pp.},
	keywords={H.264-AVC;chaotic motions;compressed video bitstream;error concealment scheme;frame loss;hard-to-conceal video sequences;computational complexity;data compression;errors;image sequences;video coding;video streaming;},
	doi={10.1109/ISCAS.2006.1693620},
}

@book{ Smith2006,
 author = "Smith, C. and Collins, D.",
 title = {3G Wireless Networks, Second Edition},
 year = {2007},
 isbn = {007226344X, 9780072263442},
 edition = {2},
 publisher = {McGraw-Hill, Inc.},
 address = {New York, NY, USA},
}

@MastersThesis{ Ikuno2007,
	author = "Ikuno, J. C.",
	month = "Décembre",
	title = "{{Performance of an Error Detection Mechanism for Damaged H.264/AVC Sequences}}",
	year = "2007",
	school = "Technische Universitat Wien Institut fur Nachrichtentechnik und Hochfrequenztechnik Universitat Politècnica de Catalunya Escola Politècnica Superior de Castelldefels"
}

@book{ Duhamel2010,
	author = "Duhamel, P. and Kieffer, M.",
	title = "Joint Source-Channel Decoding: A Cross-Layer Perspective with Applications in Video Broadcasting",
	publisher = "Academic Press",
	year = "2010",
	edition = 1,
}

@INPROCEEDINGS{ Giro1999,
    author = "Girod, B. and Färber, N.",
    title = {Feedback-Based Error Control for Mobile Video Transmission},
    booktitle = {Proceedings of the IEEE},
    year = {1999},
    pages = {1707--1723}
}

@misc{ GrandDic,
  author = {{Office québécois de la langue française}},
  title = "Le grand dictionnaire terminologique",
  year = {2011},
  url = {http://www.granddictionnaire.com/}
}
@ARTICLE{ Modestino1979, 
	author = "Modestino, J. and Daut, D.", 
	journal = "{{Communications, IEEE Transactions on}}",
	title = "{{Combined Source-Channel Coding of Images}}", 
	year = "1979", 
	month= "Novembre", 
	volume={27}, 
	number={11}, 
	pages={ 1644 - 1659}, 
	keywords={ DPCM coding/decoding; Error-control coding; Image coding;}, 
	doi={10.1109/TCOM.1979.1094335}, 
	ISSN={0090-6778},
}

@ARTICLE{ Ghanbari1993, 
	author = "Ghanbari, M.", 
	journal = "{{IEEE Trans. Circuits Syst. Video Technol.}}",
	title = "{{Cell loss concealment in ATM video codes}}", 
	year = "1993", 
	volume={3}, 
	pages={238 - 247}, 
}

@ARTICLE{ Wang1993, 
	author="Wang, Y. and Zhu, Q.-F. and Shaw, L.", 
	journal="{{Communications, IEEE Transactions on}}",
	title="{{Maximally smooth image recovery in transform coding}}", 
	year={1993}, 
	month= "Octobre", 
	volume={41}, 
	number={10}, 
	pages={1544 -1551}, 
	keywords={ATM networks;DC coefficients;DCT;asynchronous transfer mode;block interleaving;block transform coders;boundary conditions;contiguously damaged blocks;discrete cosine transform;image reconstruction;image recovery;intersample variation;linear transformations;low-frequency coefficients;maximally smooth image;optimal solution;packet loss recovery;partial coefficients;spatially adjacent blocks;still image coders;transform coding;asynchronous transfer mode;discrete cosine transforms;image coding;image reconstruction;}, 
	doi={10.1109/26.237889}, 
	ISSN={0090-6778},
}

@ARTICLE{ Sun1995, 
	author = "Sun, H. and Kwok, W.", 
	journal = "{{Image Processing, IEEE Transactions on}}", 
	title = "{{Concealment of damaged block transform coded images using projections onto convex sets}}", 
	year = {1995}, 
	month = "Avril", 
	volume = {4}, 
	number = {4}, 
	pages = {470 -477}, 
	keywords = {Gerchberg-type spatial domain process;block-based still image coding;damaged block transform coded images;error concealment;error-free image;human vision;intra-frame information;lost signal restoration;projections onto convex sets;real-time video sequences;spatial interpolation algorithm;spatially correlated edge information;spectral domain iterative process;temporal interpolation;video sequence coding;block codes;correlation methods;image coding;image restoration;image sequences;interpolation;iterative methods;spectral analysis;transform coding;video coding;}, 
	doi = {10.1109/83.370675}, 
	ISSN = {1057-7149},
}

@ARTICLE{ Hemami1995, 
	author = "Hemami, S.S. and Meng, T.H.-Y.", 
	journal = "{{Image Processing, IEEE Transactions on}}",
	title = "{{Transform coded image reconstruction exploiting interblock correlation}}", 
	year = {1995}, 
	month = "Juillet", 
	volume = {4}, 
	number = {7}, 
	pages = {1023 -1027}, 
	keywords = {block-based transform coded images;blocking artifacts;computational expense;computationally efficient technique;decoder;interblock correlation;linear interpolation;lossy packet networks;lost transform coefficients reconstruction;low complexity applications;low power applications;network congestion;squared edge error criterion;still images transmission;transform coded image reconstruction;transmission errors;video transmission;visual performance;correlation methods;decoding;image coding;image reconstruction;interpolation;packet switching;transform coding;video coding;visual communication;}, 
	doi = {10.1109/83.392344}, 
	ISSN = {1057-7149},
}

@ARTICLE{ Sun1992, 
	author = "Sun, H. and Challapali, K. and Zdepski, J.", 
	journal = "{{Consumer Electronics, IEEE Transactions on}}",
	title = "{{Error concealment in digital simulcast AD-HDTV decoder}}", 
	year = {1992}, 
	month = "Aout", 
	volume = {38}, 
	number = {3}, 
	pages = {108 -118}, 
	keywords = {HDTV decoder;advanced digital HDTV;advanced digital high-definition television;channel errors;compressed information;custom transport structure;digital simulcast;error concealment;error detection;image quality;prioritized data encoding;reception conditions;reconstructed video signals;spatial redundancies;temporal redundancies;decoding;error correction;high definition television;image reconstruction;video signals;}, 
	doi = {10.1109/30.156671}, 
	ISSN = {0098-3063},
}

@ARTICLE{ Wang1998, 
	author = "Wang, Y and Zhu, Q.-F. ", 
	journal = "{{Proceedings of the IEEE}}", 
	title = "{{Error control and concealment for video communication: a review}}", 
	year = "1998", 
	month = "Mai", 
	volume = {86}, 
	number = {5}, 
	pages = {974 -997}, 
	keywords = {coded bit streams;concealment;damaged areas;decoder;error control;error resilience;forward error concealment;image signals;interactive error concealment;international standards;postprocessing;redundancy;review;unreliable channels;video communication;video delivery;video signal;channel coding;decoding;error correction codes;error detection codes;forward error correction;reviews;source coding;video coding;}, 
	doi = {10.1109/5.664283}, 
	ISSN = {0018-9219},
}

@ARTICLE{Yan2003, 
	author="Yan, B. and Wing, K.", 
	journal="{{Consumer Electronics, IEEE Transactions on}}",
	title="{{Analysis and detection of MPEG-4 visual transmission errors over error-prone channels}}", 
	year={2003}, 
	month= "Novembre", 
	volume={49}, 
	number={4}, 
	pages={ 1424 - 1430}, 
	keywords={ MPEG-4; bandwidth limitation; error concealment; error detection ratio; error detection technique; error resilient; error-prone channels; video compression; video transmission; visual transmission; data compression; error correction; error detection; telecommunication channels; video coding; visual communication;}, 
	doi={10.1109/TCE.2003.1261250}, 
	ISSN={0098-3063},
}

@INPROCEEDINGS{ Ye2003, 
	author= "Ye, S. and Lin, X. and Sun, Q.", 
	booktitle= "{{Circuits and Systems, 2003. ISCAS '03. Proceedings of the 2003 International Symposium on}}",
	title="{{Content based error detection and concealment for image transmission over wireless channel}}", 
	year={2003}, 
	month= "Mai", 
	volume={2}, 
	pages={ II-368 - II-371 vol.2}, 
	keywords={ Rayleigh model; consistency; content based image error detection; damaged image blocks; edge continuity; image contextual information; image degradation; image error concealment; image quality; missing block statistical characteristics; smoothness; texture; visual quality; wireless channel image transmission; wireless fading channel; Rayleigh channels; edge detection; error detection; image restoration; image texture; statistical analysis; visual communication;}, 
	doi={10.1109/ISCAS.2003.1205984}, 
}

@INPROCEEDINGS{ Superiori2006,
    author = "Superiori, L. and Nemethova, O.",
    title = "{{Performance of a H.264/AVC Error Detection Algorithm Based on Syntax Analysis}}",
    booktitle = "{{in Proc. of the Int. Conf. on Advances in Mobile Computing and Multimedia (MoMM 2006}}",
    year = {2006},
    pages = {49--58},
    publisher = {Rinton Press}
}

@Article{ Superiori2007,
	author = "Superiori, L. and Nemethova, O. and Rupp, M.",
	journal = "{{Procs. of the Picture Coding Symposium (PCS 2007), Lisboa, Portugal}}",
	month = "Novembre",
	pages = "7--9",
	title = "{{Detection of visual impairments in the pixel domain of corrupted H.264/AVC packets}}",
	year = "2007"
}

@Article{ Farrugia2008,
	author = "Farrugia, R. A. and Debono, C. J.",
	doi = "10.1109/TCSVT.2008.2004919",
	issn = "1051-8215",
	journal = "{IEEE Trans. on Circuits and Systems for Video Technology}",
	month = "Decembre",
	number = "12",
	pages = "1766--1770",
	title = "{{A Robust Error Detection Mechanism for H.264/AVC Coded Video Sequences Based on Support Vector Machines}}",
	volume = "18",
	year = "2008"
}

@article{ SVM1995,
   author = "Cortes, C. and Vapnik, V.",
   title = {Support-vector networks},
   journal = {Machine Learning},
   publisher = {Springer Netherlands},
   issn = {0885-6125},
   pages = {273-297},
   volume = {20},
   issue = {3},
   note = {10.1007/BF00994018},
   year = {1995}
}

@article{ Cai2009,
	 author = "Cai, C. and Zeng, H. and Mitra, S. K.",
	 title = "{{Fast motion estimation for H.264}}",
	 journal = {Image Commun.},
	 volume = {24},
	 issue = {8},
	 month = "Septembre",
	 year = {2009},
	 issn = {0923-5965},
	 pages = {630--636},
	 numpages = {7},
	 doi = {10.1016/j.image.2009.02.012},
	 publisher = {Elsevier Science Inc.},
	 address = {New York, NY, USA},
	 keywords = {H.264/AVC, Motion estimation, Video coding},
}

@inproceedings{ Tourapis2001,
    author = "Tourapis, A. M. and Au, O. C. and Liou, M. L.",
    booktitle = {Proceedings of Visual Communications and Image Processing 2001 ({VCIP'01)}},
    posted-at = {2007-06-28 22:46:36},
    priority = {2},
    title = "{{Predictive Motion Vector Field Adaptive Search Technique (PMVFAST) - Enhancing Block Based Motion Estimation}}",
    year = {2001}
}

@article{ Shannon1948,
    author = {Shannon, C. E.},
    journal = {Bell system technical journal},
    keywords = {information-theory, work},
    title = {{A mathematical theory of communication}},
    volume = {27},
    year = {1948}
}

@ARTICLE{ Talluri1998,
	author = "Talluri, R.",
	journal = {Communications Magazine, IEEE},
	title = "{{Error-resilient video coding in the ISO MPEG-4 standard}}",
	year = {1998},
	month = "Juin",
	volume = {36},
	number = {6},
	pages = {112 -119},
	keywords = { DCT data; ISO MPEG-4 standard; compressed video data communication; data partitioning; error resilient video coding; header extension codes; noisy wireless channels; resynchronization; reversible VLC; reversible variable length codes; wireless video transmission; ISO standards; code standards; coding errors; data compression; discrete cosine transforms; synchronisation; telecommunication standards; transform coding; variable length codes; video coding; visual communication;},
	doi = {10.1109/35.685373},
	ISSN = {0163-6804},
}

@article { Haar1911,
   author = "Haar, A.",
   affiliation = {Göttingen},
   title = {Zur Theorie der orthogonalen Funktionensysteme},
   journal = {Mathematische Annalen},
   publisher = {Springer Berlin / Heidelberg},
   issn = {0025-5831},
   keyword = {Mathematics and Statistics},
   pages = {38-53},
   volume = {71},
   issue = {1},
   url = {http://dx.doi.org/10.1007/BF01456927},
   note = {10.1007/BF01456927},
   year = {1911}
}

@article { Wang1990,
	title = "Texture classification using texture spectrum",
	journal = "Pattern Recognition",
	volume = "23",
	number = "8",
	pages = "905 - 910",
	year = "1990",
	issn = "0031-3203",
	doi = "DOI: 10.1016/0031-3203(90)90135-8",
	author = "Wang, L. and He, D.-C.",
}

@inbook { Farrugia2010,
	booktitle = "Digital Video",
	title = "Resilient Digital Video Transmission over Wireless Channel using Pixel-Level Artefact Detection Mechanisms",
	author = "Farrugia, R. A. and Debono, C. J.",
	isbn = "978-953-7619-70-1",
	publisher = "Intech",
	pages = "71 - 96",
	month = "Février",
	year = "2010",
}
@book{ Wang2006,
	author = "Zhou Wang and Alan C. Bovik",
	edition = {1},
    month = {August},
    publisher = {Morgan \& Claypool},
    title = {{Modern Image Qality Assessment}},
    year = {2006},
    isbn = {1598290223},
    doi = {10.2200/S00010ED1V01Y2005081VM003},
}

@article{ Stockhammer2003,
	author = {Thomas Stockhammer and Miska M. Hannuksela and Thomas Wiegand},
	doi = {10.1109/TCSVT.2003.815167},
	issn = {1051-8215},
	journal = {IEEE Transactions on Circuits and Systems for Video Technology},
	month = jul,
	number = {7},
	pages = {657--673},
	title = {{H.264/AVC in wireless environments}},
	volume = {13},
	year = {2003}
}

@Misc{ JM,
	author = "{Joint Video Team (JVT) d'ISO/IEC MPEG et ITU-T VCEG}",
	title = "{H.264/AVC JM Reference Software}",
	url = "http://iphome.hhi.de/suehring/tml/",
	year = "2010",
	version = "16.2"
}

@Misc{ YUV,
	author = "{Arizona State University}",
	title = "{YUV Video Sequences}",
	month = "December",
	year = "2010",
	url = "http://trace.eas.asu.edu/yuv/",
}

@Misc{ BUG,
	author = "{Mantis JVT JM H.264/AVC reference software project}",
	title = "{0000189: Crash in JM 16.1 Decoder}",
	month = "September",
	year = "2009",
	url = "https://ipbt.hhi.fraunhofer.de/mantis/view.php?id=189",
}
@misc{ ComScore2011,
  author = {{comScore}},
  title = {{comScore Releases February 2011 U.S. Online Video Rankings}},
  year = {2011},
  month = {Février},
  note = {Visionné Mars 2011}
}

@misc{ Juniper2010,
  author = {{Juniper Research}},
  title = {{Smartphone Video Call Users to reach 29 million by 2015 Globally, finds Juniper Research}},
  year = {2010},
  month = {Octobre},
  note = {Visionné Mars 2011}
}

@misc{ Nielsen2011,
  author = {{Nielsen}},
  title = {{Apple Leads Smartphone Race, while Android Attracts Most Recent Customers}},
  year = {2011},
  month = {Janvier},
  note = {Visionné Mars 2011}
} 

@misc{ Kodak1999,
  author = {{Eastman Kodak Company}},
  title = {{Kodak Lossless True Color Image Suite}},
  year = {1999},
  month = {Novembre},
  note = {Visionné Mars 2011},
  howpublished = {{http://r0k.us/graphics/kodak/}}
} 



