@article{ Zimmermann1980,
    author = {Zimmermann, H.},
    booktitle = {Communications, IEEE Transactions on},
    journal = {IEEE Transactions on Communications},
    number = {4},
    pages = {425--432},
    title = {{OSI Reference Model--The ISO Model of Architecture for Open Systems Interconnection}},
    volume = {28},
    year = {1980}
}

@MastersThesis{ Ikuno2007,
	author = "Ikuno, J. C.",
	month = "Décembre",
	title = "{{Performance of an Error Detection Mechanism for Damaged H.264/AVC Sequences}}",
	year = "2007",
	school = "Technische Universitat Wien Institut fur Nachrichtentechnik und Hochfrequenztechnik Universitat Politècnica de Catalunya Escola Politècnica Superior de Castelldefels"
}

@book{ Duhamel2010,
	author = "Duhamel, P. and Kieffer, M.",
	editor = "Elsevier",
	title = "Joint Source-Channel Decoding: A Cross-Layer Perspective with Applications in Video Broadcasting",
	publisher = "Academic Press",
	year = "2010",
	edition = 1,
}

@INPROCEEDINGS{ Giro1999,
    author = "Girod, B. and Färber, N.",
    title = {Feedback-Based Error Control for Mobile Video Transmission},
    booktitle = {Proceedings of the IEEE},
    year = {1999},
    pages = {1707--1723}
}

@ONLINE{ GrandDic,
  author = {{Office québécois de la langue française}},
  title = "Le grand dictionnaire terminologique",
  year = {2011},
  url = {http://www.granddictionnaire.com/}
}